@book{atiyah2018introduction,
    title={Introduction to commutative algebra},
    author={Atiyah, Michael},
    year={2018},
    publisher={CRC Press}
}

@book{eisenbud2013commutative,
    title={Commutative Algebra: with a view toward algebraic geometry},
    author={Eisenbud, David},
    volume={150},
    year={2013},
    publisher={Springer Science \& Business Media}
}


@book{Fu11,
    title={Etale Cohomology Theory},
    author={Fu, L.},
    isbn={9789814307727},
    lccn={2011281625},
    series={Nankai tracts in mathematics},
    url={https://books.google.it/books?id=WhaY64UEVXAC},
    year={2011},
    publisher={World Scientific}
}

@book{KT12,
	title={Introduction to {\'E}tale Cohomology},
	author={Kolster, M. and Tamme, G.},
	isbn={9783642784217},
	lccn={94003558},
	series={Universitext},
	url={https://books.google.it/books?id=iYKBQgAACAAJ},
	year={2012},
	publisher={Springer Berlin Heidelberg}
}

@book{lam2010serre,
    title={Serre's problem on projective modules},
    author={Lam, Tsit-Yuen},
    year={2010},
    publisher={Springer Science \& Business Media}
}

@book{hottbook,
    author={The {Univalent Foundations Program}},
    title={Homotopy Type Theory: Univalent Foundations of Mathematics},
    publisher={\url{https://homotopytypetheory.org/book}},
    address={Institute for Advanced Study},
    year={2013}
}

@book{vakil2017rising,
    title={The rising sea: foundations of algebraic geometry},
    author={Vakil, Ravi},
    journal={preprint},
    year={2017}
}

@misc{stacks-project,
    author       = {The {Stacks project authors}},
    title        = {The Stacks project},
    howpublished = {\url{https://stacks.math.columbia.edu}},
    year         = {2020}
}
